@article{jeck2014detecting,
  title={Detecting and characterizing circular RNAs},
  author={Jeck, William R and Sharpless, Norman E},
  journal={Nature biotechnology},
  volume={32},
  number={5},
  pages={453--461},
  year={2014},
  publisher={Nature Publishing Group US New York}
}

@article{holdt2018molecular,
  title={Molecular roles and function of circular RNAs in eukaryotic cells},
  author={Holdt, Lesca M and Kohlmaier, Alexander and Teupser, Daniel},
  journal={Cellular and Molecular Life Sciences},
  volume={75},
  number={6},
  pages={1071--1098},
  year={2018},
  publisher={Springer}
}

@article{liu2022circular,
  title={Circular RNAs: Characterization, cellular roles, and applications},
  author={Liu, Chu-Xiao and Chen, Ling-Ling},
  journal={Cell},
  volume={185},
  number={12},
  pages={2016--2034},
  year={2022},
  publisher={Elsevier}
}

@article{abdelmohsen2017identification,
  title={Identification of HuR target circular RNAs uncovers suppression of PABPN1 translation by CircPABPN1},
  author={Abdelmohsen, Kotb and Panda, Amaresh C and Munk, Rachel and Grammatikakis, Ioannis and Dudekula, Dawood B and De, Supriyo and Kim, Jiyoung and Noh, Ji Heon and Kim, Kyoung Mi and Martindale, Jennifer L and others},
  journal={RNA biology},
  volume={14},
  number={3},
  pages={361--369},
  year={2017},
  publisher={Taylor \& Francis}
}

@article{gao2019circular,
  title={Circular RNA hsa\_circ\_0007059 restrains proliferation and epithelial-mesenchymal transition in lung cancer cells via inhibiting microRNA-378},
  author={Gao, Shunji and Yu, Yanyan and Liu, Lu and Meng, Jun and Li, Guifang},
  journal={Life sciences},
  volume={233},
  pages={116692},
  year={2019},
  publisher={Elsevier}
}

@article{li2019tumor,
  title={Tumor-suppressive circular RNAs: mechanisms underlying their suppression of tumor occurrence and use as therapeutic targets},
  author={Li, Zhe and Ruan, Yao and Zhang, Haiyan and Shen, Yijing and Li, Tianwen and Xiao, Bingxiu},
  journal={Cancer science},
  volume={110},
  number={12},
  pages={3630--3638},
  year={2019},
  publisher={Wiley Online Library}
}

@article{liang2020autophagy,
  title={Autophagy-associated circRNA circCDYL augments autophagy and promotes breast cancer progression},
  author={Liang, Gehao and Ling, Yun and Mehrpour, Maryam and Saw, Phei Er and Liu, Zihao and Tan, Weige and Tian, Zhenluan and Zhong, Wenjing and Lin, Wanyi and Luo, Qing and others},
  journal={Molecular cancer},
  volume={19},
  pages={1--16},
  year={2020},
  publisher={Springer}
}

@article{wang2018circibtk,
  title={CircIBTK inhibits DNA demethylation and activation of AKT signaling pathway via miR-29b in peripheral blood mononuclear cells in systemic lupus erythematosus},
  author={Wang, Xin and Zhang, Chengzhong and Wu, Zhouwei and Chen, Yue and Shi, Weimin},
  journal={Arthritis Research \& Therapy},
  volume={20},
  pages={1--10},
  year={2018},
  publisher={Springer}
}

@article{khan2016rbm20,
  title={RBM20 regulates circular RNA production from the titin gene},
  author={Khan, Mohsin AF and Reckman, Yolan J and Aufiero, Simona and van den Hoogenhof, Maarten MG and van der Made, Ingeborg and Beqqali, Abdelaziz and Koolbergen, Dave R and Rasmussen, Torsten B and Van Der Velden, Jolanda and Creemers, Esther E and others},
  journal={Circulation research},
  volume={119},
  number={9},
  pages={996--1003},
  year={2016},
  publisher={Am Heart Assoc}
}

@article{siede2017identification,
  title={Identification of circular RNAs with host gene-independent expression in human model systems for cardiac differentiation and disease},
  author={Siede, D and Rapti, K and Gorska, AA and Katus, HA and Altm{\"u}ller, J and Boeckel, JN and Meder, B and Maack, C and V{\"o}lkers, M and M{\"u}ller, OJ and others},
  journal={Journal of molecular and cellular cardiology},
  volume={109},
  pages={48--56},
  year={2017},
  publisher={Elsevier}
}

@article{jin2019silencing,
  title={Silencing circular RNA circZNF609 restrains growth, migration and invasion by up-regulating microRNA-186-5p in prostate cancer},
  author={Jin, Chengjun and Zhao, Weiming and Zhang, Zijian and Liu, Wanpeng},
  journal={Artificial cells, nanomedicine, and biotechnology},
  volume={47},
  number={1},
  pages={3350--3358},
  year={2019},
  publisher={Taylor \& Francis}
}

@article{lan2023benchmarking,
  title={Benchmarking of computational methods for predicting circRNA-disease associations},
  author={Lan, Wei and Dong, Yi and Zhang, Hongyu and Li, Chunling and Chen, Qingfeng and Liu, Jin and Wang, Jianxin and Chen, Yi-Ping Phoebe},
  journal={Briefings in Bioinformatics},
  volume={24},
  number={1},
  pages={bbac613},
  year={2023},
  publisher={Oxford University Press}
}

@article{yang2021predicting,
  title={Predicting circRNA-disease associations based on autoencoder and graph embedding},
  author={Yang, Jing and Lei, Xiujuan},
  journal={Information Sciences},
  volume={571},
  pages={323--336},
  year={2021},
  publisher={Elsevier}
}

@article{lei2018pwcda,
  title={PWCDA: path weighted method for predicting circRNA-disease associations},
  author={Lei, Xiujuan and Fang, Zengqiang and Chen, Luonan and Wu, Fang-Xiang},
  journal={International journal of molecular sciences},
  volume={19},
  number={11},
  pages={3410},
  year={2018},
  publisher={MDPI}
}

@article{wei2020icircda,
  title={iCircDA-MF: identification of circRNA-disease associations based on matrix factorization},
  author={Wei, Hang and Liu, Bin},
  journal={Briefings in bioinformatics},
  volume={21},
  number={4},
  pages={1356--1367},
  year={2020},
  publisher={Oxford University Press}
}

@article{lei2020integrating,
  title={Integrating random walk with restart and k-Nearest Neighbor to identify novel circRNA-disease association},
  author={Lei, Xiujuan and Bian, Chen},
  journal={Scientific reports},
  volume={10},
  number={1},
  pages={1943},
  year={2020},
  publisher={Nature Publishing Group UK London}
}

@article{deepthi2021inferring,
  title={Inferring potential CircRNA--disease associations via deep autoencoder-based classification},
  author={Deepthi, K and Jereesh, AS},
  journal={Molecular Diagnosis \& Therapy},
  volume={25},
  pages={87--97},
  year={2021},
  publisher={Springer}
}

@article{peng2022rnmflp,
  title={RNMFLP: predicting circRNA--disease associations based on robust nonnegative matrix factorization and label propagation},
  author={Peng, Li and Yang, Cheng and Huang, Li and Chen, Xiang and Fu, Xiangzheng and Liu, Wei},
  journal={Briefings in bioinformatics},
  volume={23},
  number={5},
  pages={bbac155},
  year={2022},
  publisher={Oxford University Press}
}

@article{wang2022machine,
  title={A machine learning framework based on multi-source feature fusion for circRNA-disease association prediction},
  author={Wang, Lei and Wong, Leon and Li, Zhengwei and Huang, Yuan and Su, Xiaorui and Zhao, Bowei and You, Zhuhong},
  journal={Briefings in Bioinformatics},
  volume={23},
  number={5},
  pages={bbac388},
  year={2022},
  publisher={Oxford University Press}
}

@article{lan2022kgancda,
  title={KGANCDA: predicting circRNA-disease associations based on knowledge graph attention network},
  author={Lan, Wei and Dong, Yi and Chen, Qingfeng and Zheng, Ruiqing and Liu, Jin and Pan, Yi and Chen, Yi-Ping Phoebe},
  journal={Briefings in Bioinformatics},
  volume={23},
  number={1},
  pages={bbab494},
  year={2022},
  publisher={Oxford University Press}
}

@article{lan2020circr2cancer,
  title={CircR2Cancer: a manually curated database of associations between circRNAs and cancers},
  author={Lan, Wei and Zhu, Mingrui and Chen, Qingfeng and Chen, Baoshan and Liu, Jin and Li, Min and Chen, Yi-Ping Phoebe},
  journal={Database},
  volume={2020},
  pages={baaa085},
  year={2020},
  publisher={Oxford University Press UK}
}

@article{rophina2020circad,
  title={Circad: a comprehensive manually curated resource of circular RNA associated with diseases},
  author={Rophina, Mercy and Sharma, Disha and Poojary, Mukta and Scaria, Vinod},
  journal={Database},
  volume={2020},
  pages={baaa019},
  year={2020},
  publisher={Oxford University Press}
}

@article{zhao2018circrna,
  title={circRNA disease: a manually curated database of experimentally supported circRNA-disease associations},
  author={Zhao, Zheng and Wang, Kuanyu and Wu, Fan and Wang, Wen and Zhang, Kenan and Hu, Huimin and Liu, Yanwei and Jiang, Tao},
  journal={Cell death \& disease},
  volume={9},
  number={5},
  pages={475},
  year={2018},
  publisher={Nature Publishing Group UK London}
}

@article{wang2010inferring,
  title={Inferring the human microRNA functional similarity and functional network based on microRNA-associated diseases},
  author={Wang, Dong and Wang, Juan and Lu, Ming and Song, Fei and Cui, Qinghua},
  journal={Bioinformatics},
  volume={26},
  number={13},
  pages={1644--1650},
  year={2010},
  publisher={Oxford University Press}
}

@article{chen2015constructing,
  title={Constructing lncRNA functional similarity network based on lncRNA-disease associations and disease semantic similarity},
  author={Chen, Xing and Clarence Yan, Chenggang and Luo, Cai and Ji, Wen and Zhang, Yongdong and Dai, Qionghai},
  journal={Scientific reports},
  volume={5},
  number={1},
  pages={11338},
  year={2015},
  publisher={Nature Publishing Group UK London}
}

@article{vaswani2017attention,
  title={Attention is all you need},
  author={Vaswani, A},
  journal={Advances in Neural Information Processing Systems},
  year={2017}
}

@article{liu2024kan,
  title={Kan: Kolmogorov-arnold networks},
  author={Liu, Ziming and Wang, Yixuan and Vaidya, Sachin and Ruehle, Fabian and Halverson, James and Solja{\v{c}}i{\'c}, Marin and Hou, Thomas Y and Tegmark, Max},
  journal={arXiv preprint arXiv:2404.19756},
  year={2024}
}

@article{hajian2013receiver,
  title={Receiver operating characteristic (ROC) curve analysis for medical diagnostic test evaluation},
  author={Hajian-Tilaki, Karimollah},
  journal={Caspian journal of internal medicine},
  volume={4},
  number={2},
  pages={627},
  year={2013},
  publisher={Babol University of Medical Sciences}
}

@article{saito2015precision,
  title={The precision-recall plot is more informative than the ROC plot when evaluating binary classifiers on imbalanced datasets},
  author={Saito, Takaya and Rehmsmeier, Marc},
  journal={PloS one},
  volume={10},
  number={3},
  pages={e0118432},
  year={2015},
  publisher={Public Library of Science San Francisco, CA USA}
}

@article{shang2024sgfccda,
  title={SGFCCDA: Scale Graph Convolutional Networks and Feature Convolution for circRNA-Disease Association Prediction},
  author={Shang, Junliang and Zhao, Linqian and He, Xin and Meng, Xianghan and Zhang, Limin and Ge, Daohui and Li, Feng and Liu, Jin-Xing},
  journal={IEEE Journal of Biomedical and Health Informatics},
  year={2024},
  publisher={IEEE}
}

@article{wu2023mlngcf,
  title={MLNGCF: circRNA--disease associations prediction with multilayer attention neural graph-based collaborative filtering},
  author={Wu, Qunzhuo and Deng, Zhaohong and Zhang, Wei and Pan, Xiaoyong and Choi, Kup-Sze and Zuo, Yun and Shen, Hong-Bin and Yu, Dong-Jun},
  journal={Bioinformatics},
  volume={39},
  number={8},
  pages={btad499},
  year={2023},
  publisher={Oxford University Press}
}

@article{wu2022mdgf,
  title={MDGF-MCEC: a multi-view dual attention embedding model with cooperative ensemble learning for CircRNA-disease association prediction},
  author={Wu, Qunzhuo and Deng, Zhaohong and Pan, Xiaoyong and Shen, Hong-Bin and Choi, Kup-Sze and Wang, Shitong and Wu, Jing and Yu, Dong-Jun},
  journal={Briefings in Bioinformatics},
  volume={23},
  number={5},
  pages={bbac289},
  year={2022},
  publisher={Oxford University Press}
}

@article{li2024bi,
  title={Bi-SGTAR: A simple yet efficient model for circRNA-disease association prediction based on known association pair only},
  author={Li, Shiyuan and Chen, Qingfeng and Liu, Zhixian and Pan, Shirui and Zhang, Shichao},
  journal={Knowledge-Based Systems},
  volume={291},
  pages={111622},
  year={2024},
  publisher={Elsevier}
}

@article{dai2022graphcda,
  title={GraphCDA: a hybrid graph representation learning framework based on GCN and GAT for predicting disease-associated circRNAs},
  author={Dai, Qiguo and Liu, Ziqiang and Wang, Zhaowei and Duan, Xiaodong and Guo, Maozu},
  journal={Briefings in Bioinformatics},
  volume={23},
  number={5},
  pages={bbac379},
  year={2022},
  publisher={Oxford University Press}
}

@article{liu2023mpclcda,
  title={MPCLCDA: predicting circRNA--disease associations by using automatically selected meta-path and contrastive learning},
  author={Liu, Wei and Tang, Ting and Lu, Xu and Fu, Xiangzheng and Yang, Yu and Peng, Li},
  journal={Briefings in Bioinformatics},
  volume={24},
  number={4},
  pages={bbad227},
  year={2023},
  publisher={Oxford University Press}
}

@article{weller2015glioma,
  title={Glioma},
  author={Weller, Michael and Wick, Wolfgang and Aldape, Ken and Brada, Michael and Berger, Mitchell and Pfister, Stefan M and Nishikawa, Ryo and Rosenthal, Mark and Wen, Patrick Y and Stupp, Roger and others},
  journal={Nature reviews Disease primers},
  volume={1},
  number={1},
  pages={1--18},
  year={2015},
  publisher={Nature Publishing Group}
}

@article{wirsching2017glioblastoma,
  title={Glioblastoma},
  author={Wirsching, Hans-Georg and Weller, Michael},
  journal={Malignant Brain Tumors: State-of-the-Art Treatment},
  pages={265--288},
  year={2017},
  publisher={Springer}
}

@article{borchers2010geoepidemiology,
  title={The geoepidemiology of systemic lupus erythematosus},
  author={Borchers, Andrea T and Naguwa, Stanley M and Shoenfeld, Yehuda and Gershwin, M Eric},
  journal={Autoimmunity reviews},
  volume={9},
  number={5},
  pages={A277--A287},
  year={2010},
  publisher={Elsevier}
}

@article{sun2024mode,
  title={<? mode longmeta?> circRNADisease v2. 0: an updated resource for high-quality experimentally supported circRNA-disease associations},
  author={Sun, Zhi-Yan and Yang, Chang-Lin and Huang, Li-Jie and Mo, Zong-Chao and Zhang, Ke-Nan and Fan, Wen-Hua and Wang, Kuan-Yu and Wu, Fan and Wang, Ji-Guang and Meng, Fan-Lin and others},
  journal={Nucleic Acids Research},
  volume={52},
  number={D1},
  pages={D1193--D1200},
  year={2024},
  publisher={Oxford University Press}
}

@article{he2019fus,
  title={FUS/circ\_002136/miR-138-5p/SOX13 feedback loop regulates angiogenesis in Glioma},
  author={He, Zhenwei and Ruan, Xuelei and Liu, Xiaobai and Zheng, Jian and Liu, Yunhui and Liu, Libo and Ma, Jun and Shao, Lianqi and Wang, Di and Shen, Shuyuan and others},
  journal={Journal of Experimental \& Clinical Cancer Research},
  volume={38},
  pages={1--19},
  year={2019},
  publisher={Springer}
}

@article{li2019circ,
  title={Circ-U2AF1 promotes human glioma via derepressing neuro-oncological ventral antigen 2 by sponging hsa-miR-7-5p},
  author={Li, Guoxiong and Huang, Min and Cai, Yingqian and Yang, Yuantao and Sun, Xinlin and Ke, Yiquan},
  journal={Journal of Cellular Physiology},
  volume={234},
  number={6},
  pages={9144--9155},
  year={2019},
  publisher={Wiley Online Library}
}

@article{li2018comprehensive,
  title={Comprehensive circular RNA profiles in plasma reveals that circular RNAs can be used as novel biomarkers for systemic lupus erythematosus},
  author={Li, Haixia and Li, Kaifei and Lai, Weinan and Li, Xin and Wang, Hongxia and Yang, Jia and Chu, Shuai and Wang, Haifang and Kang, Chunmin and Qiu, Yurong},
  journal={Clinica Chimica Acta},
  volume={480},
  pages={17--25},
  year={2018},
  publisher={Elsevier}
}

@misc{guo2019hsa_circ_0000479,
  title={Hsa\_circ\_0000479 as a novel diagnostic biomarker of systemic lupus erythematosus. Front Immunol 10: 2281},
  author={Guo, G and Wang, H and Ye, L and Shi, X and Yan, K and Lin, K and Huang, Q and Li, B and Lin, Q and Zhu, L and others},
  year={2019}
}

@article{wang2018circnt5e,
  title={CircNT5E acts as a sponge of miR-422a to promote glioblastoma tumorigenesis},
  author={Wang, Renjie and Zhang, Sai and Chen, Xuyi and Li, Nan and Li, Jianwei and Jia, Ruichao and Pan, Yuanqing and Liang, Haiqian},
  journal={Cancer research},
  volume={78},
  number={17},
  pages={4812--4825},
  year={2018},
  publisher={AACR}
}

@article{wang2018eif4a3,
  title={EIF4A3-induced circular RNA MMP9 (circMMP9) acts as a sponge of miR-124 and promotes glioblastoma multiforme cell tumorigenesis},
  author={Wang, Renjie and Zhang, Sai and Chen, Xuyi and Li, Nan and Li, Jianwei and Jia, Ruichao and Pan, Yuanqing and Liang, Haiqian},
  journal={Molecular cancer},
  volume={17},
  pages={1--12},
  year={2018},
  publisher={Springer}
}

@article{yan2018dwnn,
  title={DWNN-RLS: regularized least squares method for predicting circRNA-disease associations},
  author={Yan, Cheng and Wang, Jianxin and Wu, Fang-Xiang},
  journal={BMC bioinformatics},
  volume={19},
  pages={73--81},
  year={2018},
  publisher={Springer}
}

@article{fan2018prediction,
  title={Prediction of CircRNA-disease associations using KATZ model based on heterogeneous networks},
  author={Fan, Chunyan and Lei, Xiujuan and Wu, Fang-Xiang},
  journal={International journal of biological sciences},
  volume={14},
  number={14},
  pages={1950},
  year={2018},
  publisher={Ivyspring International Publisher}
}

@article{xiao2018graph,
  title={A graph regularized non-negative matrix factorization method for identifying microRNA-disease associations},
  author={Xiao, Qiu and Luo, Jiawei and Liang, Cheng and Cai, Jie and Ding, Pingjian},
  journal={Bioinformatics},
  volume={34},
  number={2},
  pages={239--248},
  year={2018},
  publisher={Oxford University Press}
}

@article{zhang2019predicting,
  title={Predicting CircRNA-disease associations through linear neighborhood label propagation method},
  author={Zhang, Wen and Yu, Chenglin and Wang, Xiaochan and Liu, Feng},
  journal={Ieee Access},
  volume={7},
  pages={83474--83483},
  year={2019},
  publisher={IEEE}
}

@article{wang2022combining,
  title={Combining K nearest neighbor with nonnegative matrix factorization for predicting circrna-disease associations},
  author={Wang, Mei-Neng and Xie, Xue-Jun and You, Zhu-Hong and Wong, Leon and Li, Li-Ping and Chen, Zhan-Heng},
  journal={IEEE/ACM Transactions on Computational Biology and Bioinformatics},
  volume={20},
  number={5},
  pages={2610--2618},
  year={2022},
  publisher={IEEE}
}

@article{lei2019gbdtcda,
  title={GBDTCDA: predicting circRNA-disease associations based on gradient boosting decision tree with multiple biological data fusion},
  author={Lei, Xiujuan and Fang, Zengqiang},
  journal={International journal of biological sciences},
  volume={15},
  number={13},
  pages={2911},
  year={2019},
  publisher={Ivyspring International Publisher}
}

@article{tian2024mamlcda,
  title={MAMLCDA: A Meta-Learning Model for Predicting circRNA-Disease Association Based on MAML Combined With CNN},
  author={Tian, Yuanyi and Zou, Quan and Wang, ChunYu and Jia, Cangzhi},
  journal={IEEE Journal of Biomedical and Health Informatics},
  year={2024},
  publisher={IEEE}
}

@article{wang2020efficient,
  title={An efficient approach based on multi-sources information to predict circRNA--disease associations using deep convolutional neural network},
  author={Wang, Lei and You, Zhu-Hong and Huang, Yu-An and Huang, De-Shuang and Chan, Keith CC},
  journal={Bioinformatics},
  volume={36},
  number={13},
  pages={4038--4046},
  year={2020},
  publisher={Oxford University Press}
}

@article{lu2020improving,
  title={Improving circRNA--disease association prediction by sequence and ontology representations with convolutional and recurrent neural networks},
  author={Lu, Chengqian and Zeng, Min and Wu, Fang-Xiang and Li, Min and Wang, Jianxin},
  journal={Bioinformatics},
  volume={36},
  number={24},
  pages={5656--5664},
  year={2020},
  publisher={Oxford University Press}
}