%1?
@article{Luca2018Regulation,
Author = {Gebert, Luca F. R. and MacRae, Ian J.},
Title = {Regulation of microRNA function in animals},
Journal = {NATURE REVIEWS MOLECULAR CELL BIOLOGY},
Year = {2019},
Volume = {20},
Number = {1},
Pages = {21-37},
Publisher = {NATURE RESEARCH}
}
%2
@article{DBLP:journals/bib/ChenHWYSW19,
Author = {Chen, Liang and Heikkinen, Liisa and Wang, Changliang and Yang, Yang and
   Sun, Huiyan and Wong, Garry},
Title = {Trends in the development of miRNA bioinformatics tools},
Journal = {BRIEFINGS IN BIOINFORMATICS},
Year = {2019},
Volume = {20},
Number = {5},
Pages = {1836-1852},
Publisher = {OXFORD UNIV PRESS}
}
%3
@article{2019MicroRNAs,
Author = {Chen, Xing and Xie, Di and Zhao, Qi and You, Zhuhong},
Title = {MicroRNAs and complex diseases: from experimental results to
   computational models},
Journal = {BRIEFINGS IN BIOINFORMATICS},
Year = {2019},
Volume = {20},
Number = {2},
Pages = {515-539},
Publisher = {OXFORD UNIV PRESS}
}
%4page
@Article{ijms21010132,
Author = {Matsuyama, Hironori and Suzuki, Hiroshi I.},
Title = {Systems and Synthetic microRNA Biology: From Biogenesis to Disease
   Pathogenesis},
Journal = {INTERNATIONAL JOURNAL OF MOLECULAR SCIENCES},
Year = {2020},
Volume = {21},
Number = {1},
Publisher = {MDPI}
}

%5
@article{2019Adaptive,
Author = {Zhao, Yan and Chen, Xing and Yin, Jun},
Title = {Adaptive boosting-based computational model for predicting potential
   miRNA-disease associations (vol 47, pg 353, 2019)},
Journal = {BIOINFORMATICS},
Year = {2020},
Volume = {36},
Number = {1},
Pages = {330},
Publisher = {OXFORD UNIV PRESS}
}

%6
@article{2010Inferring,
Author = {Wang, Dong and Wang, Juan and Lu, Ming and Song, Fei and Cui, Qinghua},
Title = {Inferring the human microRNA functional similarity and functional
   network based on microRNA-associated diseases},
Journal = {BIOINFORMATICS},
Year = {2010},
Volume = {26},
Number = {13},
Pages = {1644-1650},
Publisher = {OXFORD UNIV PRESS}
}

%7
@article{2012RWRMDA,
Author = {Chen, Xing and Liu, Mingxi and Yan, Guiying},
Title = {RWRMDA: predicting novel human microRNA-disease associations},
Journal = {MOLECULAR BIOSYSTEMS},
Year = {2012},
Volume = {8},
Number = {10},
Pages = {2792-2798},
Publisher = {ROYAL SOC CHEMISTRY}
}

%8
@article{2015Prediction,
Author = {Xuan, Ping and Han, Ke and Guo, Yahong and Li, Jin and Li, Xia and
   Zhong, Yingli and Zhang, Zhaogong and Ding, Jian},
Title = {Prediction of potential disease-associated microRNAs based on random
   walk},
Journal = {BIOINFORMATICS},
Year = {2015},
Volume = {31},
Number = {11},
Pages = {1805-1815},
Publisher = {OXFORD UNIV PRESS}
}

%9
@article{2013Prediction,
Author = {Xuan, Ping and Han, Ke and Guo, Maozu and Guo, Yahong and Li, Jinbao and
   Ding, Jian and Liu, Yong and Dai, Qiguo and Li, Jin and Teng, Zhixia and
   Huang, Yufei},
Title = {Prediction of microRNAs Associated with Human Diseases Based on Weighted
   k Most Similar Neighbors},
Journal = {PLOS ONE},
Year = {2013},
Volume = {8},
Number = {8},
pages={e70204},
Publisher = {PUBLIC LIBRARY SCIENCE}
}

%10
@article{2017RKNNMDA,
Author = {Chen, Xing and Wu, Qiaofeng and Yan, GuiyYing},
Title = {RKNNMDA: Ranking-based KNN for MiRNA-Disease Association prediction},
Journal = {RNA BIOLOGY},
Year = {2017},
Volume = {14},
Number = {7},
Pages = {952-962},
Publisher = {TAYLOR \& FRANCIS INC}
}

%11
@article{2017PBMDA,
Author = {You, Zhuhong and Huang, Zhian and Zhu, Zexuan and Yan, Guiying and
   Li, Zhengwei and Wen, Zhenkun and Chen, Xing},
Title = {PBMDA: A novel and effective path-based computational model for
   miRNA-disease association prediction},
Journal = {PLOS COMPUTATIONAL BIOLOGY},
Year = {2017},
Volume = {13},
Number = {3},
Publisher = {PUBLIC LIBRARY SCIENCE},
pages={e1005455}
}

%12page
@article{2021A,
Author = {Li, Ang and Deng, Yingwei and Tan, Yan and Chen, Min},
Title = {A novel miRNA-disease association prediction model using dual random
   walk with restart and space projection federated method},
Journal = {PLOS ONE},
Year = {2021},
Volume = {16},
Number = {6},
Publisher = {PUBLIC LIBRARY SCIENCE}
}

%13
@article{2016Inferring,
Author = {Liu, Yuansheng and Zeng, Xiangxiang and He, Zengyou and Zou, Quan},
Title = {Inferring MicroRNA-Disease Associations by Random Walk on a
   Heterogeneous Network with Multiple Data Sources},
Journal = {IEEE-ACM TRANSACTIONS ON COMPUTATIONAL BIOLOGY AND BIOINFORMATICS},
Year = {2017},
Volume = {14},
Number = {4},
Pages = {905-915},
Publisher = {IEEE COMPUTER SOC}
}

%14number
@article{2017A,
Author = {Luo, Jiawei and Xiao, Qiu},
Title = {A novel approach for predicting microRNA-disease associations by
   unbalanced bi-random walk on heterogeneous network},
Journal = {JOURNAL OF BIOMEDICAL INFORMATICS},
Year = {2017},
Volume = {66},
Pages = {194-203},
Publisher = {ACADEMIC PRESS INC ELSEVIER SCIENCE}
}
%15
@article{2018Global,
Author = {Chen, Min and Liao, Bo and Li, Zejun},
Title = {Global Similarity Method Based on a Two-tier Random Walk for the
   Prediction of microRNA-Disease Association},
Journal = {SCIENTIFIC REPORTS},
Year = {2018},
Volume = {8},
Publisher = {NATURE PUBLISHING GROUP},
pages={6481}
}

%16
@article{2015Semi,
Author = {Chen, Xing and Yan, Guiying},
Title = {Semi-supervised learning for potential human microRNA-disease
   associations inference},
Journal = {SCIENTIFIC REPORTS},
Year = {2014},
Volume = {4},
Publisher = {NATURE RESEARCH},
number={1},
pages={5501}
}
%17number
@article{2016Network,
Author = {Gu, Changlong and Liao, Bo and Li, Xiaoying and Li, Keqin},
Title = {Network Consistency Projection for Human miRNA-Disease Associations
   Inference},
Journal = {SCIENTIFIC REPORTS},
Year = {2016},
Volume = {6},
pages={36054},
Publisher = {NATURE PUBLISHING GROUP}
}

%18
@article{Chen2018BNPMDA,
Author = {Chen, Xing and Xie, Di and Wang, Lei and Zhao, Qi and You, Zhuhong and
   Liu, Hongsheng},
Title = {BNPMDA: Bipartite Network Projection for MiRNA-Disease Association
   prediction},
Journal = {BIOINFORMATICS},
Year = {2018},
Volume = {34},
Number = {18},
Pages = {3178-3186},
Publisher = {OXFORD UNIV PRESS}
}

%19
@article{2019LMTRDA,
Author = {Wang, Lei and You, Zhuhong and Chen, Xing and Li, Yangming and Dong,
   Yanan and Li, Liping and Zheng, Kai},
Title = {LMTRDA: Using logistic model tree to predict MiRNA-disease associations
   by fusing multi-source information of sequences and similarities},
Journal = {PLOS COMPUTATIONAL BIOLOGY},
Year = {2019},
Volume = {15},
Number = {3},
Publisher = {PUBLIC LIBRARY SCIENCE},
pages= {e1006865}
}

%20
@article{20,
Author = {Zhong, Yingli and Xuan, Ping and Wang, Xiao and Zhang, Tiangang and Li,
   Jianzhong and Liu, Yong and Zhang, Weixiong},
Title = {A non-negative matrix factorization based method for predicting
   disease-associated miRNAs in miRNA-disease bilayer network},
Journal = {BIOINFORMATICS},
Year = {2018},
Volume = {34},
Number = {2},
Pages = {267-277},
Publisher = {OXFORD UNIV PRESS}
}

%21number
@article{21,
Author = {Zhao, Yan and Chen, Xing and Yin, Jun},
Title = {A Novel Computational Method for the Identification of Potential
   miRNA-Disease Association Based on Symmetric Non-negative Matrix
   Factorization and Kronecker Regularized Least Square},
Journal = {FRONTIERS IN GENETICS},
Year = {2018},
Volume = {9},
Publisher = {FRONTIERS MEDIA SA},
pages={324}
}

%22
@article{Ping2018Inferring,
Author = {Xuan, Ping and Shen, Tonghui and Wang, Xiao and Zhang, Tiangang and
   Zhang, Weixiong},
Title = {Inferring Disease-Associated microRNAs in Heterogeneous Networks with
   Node Attributes},
Journal = {IEEE-ACM TRANSACTIONS ON COMPUTATIONAL BIOLOGY AND BIOINFORMATICS},
Year = {2020},
Volume = {17},
Number = {3},
Pages = {1019-1031},
Publisher = {IEEE COMPUTER SOC}
}

%23
@article{2020NCMCMDA,
Author = {Chen, Xing and Sun, Liangang and Zhao, Yan},
Title = {NCMCMDA: miRNA-disease association prediction through neighborhood
   constraint matrix completion},
Journal = {BRIEFINGS IN BIOINFORMATICS},
Year = {2021},
Volume = {22},
Number = {1, SI},
Pages = {485-496},
Publisher = {OXFORD UNIV PRESS},
}

%24
@article{2018MDHGI,
Author = {Chen, Xing and Yin, Jun and Qu, Jia and Huang, Li},
Title = {MDHGI: Matrix Decomposition and Heterogeneous Graph Inference for
   miRNA-disease association prediction},
Journal = {PLOS COMPUTATIONAL BIOLOGY},
Year = {2018},
Volume = {14},
Number = {8},
pages={e1006418},
Publisher = {PUBLIC LIBRARY SCIENCE}
}

%25
@article{Jiajie2019A,
Author = {Peng, Jiajie and Hui, Weiwei and Li, Qianqian and Chen, Bolin and Hao,
   Jianye and Jiang, Qinghua and Shang, Xuequn and Wei, Zhongyu},
Title = {A learning-based framework for miRNA-disease association identification
   using neural networks},
Journal = {BIOINFORMATICS},
Year = {2019},
Volume = {35},
Number = {21},
Pages = {4364-4371},
Publisher = {OXFORD UNIV PRESS},
}

%26
@article{Ping2018Dual,
Author = {Xuan, Ping and Dong, Yihua and Guo, Yahong and Zhang, Tiangang and Liu,
   Yong},
Title = {Dual Convolutional Neural Network Based Method for Predicting
   Disease-Related miRNAs},
Journal = {INTERNATIONAL JOURNAL OF MOLECULAR SCIENCES},
Year = {2018},
Volume = {19},
Number = {12},
Publisher = {MDPI},
Pages = {3732}
}

%27
@article{27,
Author = {Zhang, Xiaotian and Yin, Jian and Zhang, Xu},
Title = {A Semi-Supervised Learning Algorithm for Predicting Four Types
   MiRNA-Disease Associations by Mutual Information in a Heterogeneous
   Network},
Journal = {GENES},
Year = {2018},
Volume = {9},
Number = {3},
pages={139},
Publisher = {MDPI},
}

%28
@article{2020FCGCNMDA,
Author = {Li, Jiashu and Li, Zhengwei and Nie, Ru and You, Zhuhong and Bao,
   Wenzhang},
Title = {FCGCNMDA: predicting miRNA-disease associations by applying fully
   connected graph convolutional networks},
Journal = {MOLECULAR GENETICS AND GENOMICS},
Year = {2020},
Volume = {295},
Number = {5},
Pages = {1197-1209},
Publisher = {SPRINGER HEIDELBERG}
}

%29
@article{2020Heterogeneous,
Author = {Zhu, Rongxiang and Ji, Chaojie and Wang, Yingying and Cai, Yunpeng and
   Wu, Hongyan},
Title = {Heterogeneous Graph Convolutional Networks and Matrix Completion for
   miRNA-Disease Association Prediction},
Journal = {FRONTIERS IN BIOENGINEERING AND BIOTECHNOLOGY},
Year = {2020},
Volume = {8},
pages={901},
Publisher = {FRONTIERS MEDIA SA},
}

%30
@article{2020Neural,
Author = {Li, Jin and Zhang, Sai and Liu, Tao and Ning, Chenxi and Zhang, Zhuoxuan
   and Zhou, Wei},
Title = {Neural inductive matrix completion with graph convolutional networks for
   miRNA-disease association prediction},
Journal = {BIOINFORMATICS},
Year = {2020},
Volume = {36},
Number = {8},
Pages = {2538-2546},
Publisher = {OXFORD UNIV PRESS}
}

%31
@article{0Integration,
Author = {Xuan, Ping and Wang, Dong and Cui, Hui and Zhang, Tiangang and
   Nakaguchi, Toshiya},
Title = {Integration of pairwise neighbor topologies and miRNA family and cluster
   attributes for miRNA-disease association prediction},
Journal = {BRIEFINGS IN BIOINFORMATICS},
Year = {2022},
Volume = {23},
Number = {1},
Publisher = {OXFORD UNIV PRESS},
pages={bbab428},
}

%32
@article{0AEMDA,
Author = {Ji, Cunmei and Gao, Zhen and Ma, Xu and Wu, Qingwen and Ni, Jiancheng
   and Zheng, Chunhou},
Title = {AEMDA: inferring miRNA-disease associations based on deep autoencoder},
Journal = {BIOINFORMATICS},
Year = {2021},
Volume = {37},
Number = {1},
Pages = {66-72},
Publisher = {OXFORD UNIV PRESS},
}

%33
@article{33,
Author = {Ding, Yulian and Lei, Xiujuan and Liao, Bo and Wu, Fangxiang},
Title = {Predicting miRNA-Disease Associations Based On Multi-View Variational
   Graph Auto-Encoder With Matrix Factorization},
Journal = {IEEE JOURNAL OF BIOMEDICAL AND HEALTH INFORMATICS},
Year = {2022},
Volume = {26},
Number = {1},
Pages = {446-457},
Publisher = {IEEE-INST ELECTRICAL ELECTRONICS ENGINEERS INC},
}

%34
@article{34,
Author = {Chen, Xing and Li, Tianhao and Zhao, Yan and Wang, Chunchun and Zhu,
   Chichi},
Title = {Deep-belief network for predicting potential miRNA-disease associations},
Journal = {BRIEFINGS IN BIOINFORMATICS},
Year = {2021},
Volume = {22},
Number = {3},
pages =  {bbaa186},
Publisher = {OXFORD UNIV PRESS},
}

%35
@article{35,
Author = {Li, Yang and Qiu, Chengxiang and Tu, Jian and Geng, Bin and Yang, Jichun
   and Jiang, Tianzi and Cui, Qinghua},
Title = {HMDD v2.0: a database for experimentally supported human microRNA and
   disease associations},
Journal = {NUCLEIC ACIDS RESEARCH},
Year = {2014},
Volume = {42},
Number = {D1},
Pages = {D1070-D1074},
Publisher = {OXFORD UNIV PRESS},
}

%36
@article{0Meshable,
Author = {Kim, Sun and Yeganova, Lana and Wilbur, W. John},
Title = {Meshable: searching PubMed abstracts by utilizing MeSH and MeSH-derived
   topical terms},
Journal = {BIOINFORMATICS},
Year = {2016},
Volume = {32},
Number = {19},
Pages = {3044-3046},
Publisher = {OXFORD UNIV PRESS},
}

%37
@article{37,
author = {Wang, Xiao and Liu, Nian and Han, Hui and Shi, Chuan},
title = {Self-Supervised Heterogeneous Graph Neural Network with Co-Contrastive Learning},
year = {2021},
isbn = {9781450383325},
publisher = {Association for Computing Machinery},
location = {Virtual Event, Singapore},
series = {KDD '21}
}

%38
@article{2014Adam,
  title={Adam: A Method for Stochastic Optimization},
  author={ Kingma, D.  and  Ba, J. },
  journal={Computer Science},
  year={2014},
}
%39
@article{hajian2013receiver,
  title={Receiver operating characteristic (ROC) curve analysis for medical diagnostic test evaluation},
  author={Hajian-Tilaki, Karimollah},
  journal={Caspian journal of internal medicine},
  volume={4},
  number={2},
  pages={627},
  year={2013},
  publisher={Babol University of Medical Sciences}
}

%40
@article{saito2015precision,
  title={The precision-recall plot is more informative than the ROC plot when evaluating binary classifiers on imbalanced datasets},
  author={Saito, Takaya and Rehmsmeier, Marc},
  journal={PloS one},
  volume={10},
  number={3},
  pages={e0118432},
  year={2015},
  publisher={Public Library of Science San Francisco, CA USA}
}

%41
@article{2013miRCancer,
Author = {Xie, Boya and Ding, Qin and Han, Hongjin and Wu, Di},
Title = {miRCancer: a microRNA-cancer association database constructed by text
   mining on literature},
Journal = {BIOINFORMATICS},
Year = {2013},
Volume = {29},
Number = {5},
Pages = {638-644},
Publisher = {OXFORD UNIV PRESS}
}

%42
@article{DBLP:journals/nar/YangWWTZZT17,
Author = {Yang, Zhen and Wu, Liangcai and Wang, Anqiang and Tang, Wei and Zhao, Yi
   and Zhao, Haitao and Teschendorff, Andrew E.},
Title = {dbDEMC 2.0: updated database of differentially expressed miRNAs in human
   cancers},
Journal = {NUCLEIC ACIDS RESEARCH},
Year = {2017},
Volume = {45},
Number = {D1},
Pages = {D812-D818},
Publisher = {OXFORD UNIV PRESS}
}

@article{zhou2020circular,
  title={Circular RNA: metabolism, functions and interactions with proteins},
  author={Zhou, Wei-Yi and Cai, Ze-Rong and Liu, Jia and Wang, De-Shen and Ju, Huai-Qiang and Xu, Rui-Hua},
  journal={Molecular cancer},
  volume={19},
  pages={1--19},
  year={2020},
  publisher={Springer}
}

@misc{kaul2016systemic,
  title={Systemic lupus erythematosus. Nat Reviews Disease Primers 2: 16039},
  author={Kaul, A and Gordon, C and Crow, MK and Touma, Z and Urowitz, MB and van Vollenhoven, R and Ruiz-Irastorza, G and Hughes, G},
  year={2016}
}





